<collection xmlns="http://www.loc.gov/MARC21/slim">
<record>
  <leader>00945nam0a22002051i 450 </leader>
  <controlfield tag="001">IT\ICCU\CNCE\079280</controlfield>
  <controlfield tag="005">20161024000000.0</controlfield>
  <datafield tag="012" ind1=" " ind2=" ">
    <subfield code="a">5.ad u-4. t.n- qucu (C) 1597 (Q)</subfield>
    <subfield code="2">fei</subfield>
  </datafield>
  <datafield tag="100" ind1=" " ind2=" ">
    <subfield code="a">20161024f1597        0itac0103    ba</subfield>
  </datafield>
  <datafield tag="101" ind1=" " ind2=" ">
    <subfield code="a">LAT</subfield>
  </datafield>
  <datafield tag="102" ind1=" " ind2=" ">
    <subfield code="a">IT</subfield>
  </datafield>
  <datafield tag="200" ind1="1" ind2=" ">
    <subfield code="a">Inspiratio Omnipotentis det mihi intelligentiam, quoniam beatus est homo, quem tu erudieris Domine, &amp; de lege tua docueris eum</subfield>
  </datafield>
  <datafield tag="210" ind1=" " ind2=" ">
    <subfield code="d">\non prima del 1597!</subfield>
  </datafield>
  <datafield tag="215" ind1=" " ind2=" ">
    <subfield code="a">\16! c.</subfield>
    <subfield code="d">fol</subfield>
  </datafield>
  <datafield tag="300" ind1=" " ind2=" ">
    <subfield code="a">Nome dell&apos;autore in calce al testo. - Documento relativo alla controversia sorta tra Cesare d&apos;Este e papa Clemente VIII alla morte di Alfonso II d&apos;Este (27/10/1597) per il possesso del ducato di Ferrara</subfield>
  </datafield>
  <datafield tag="700" ind1=" " ind2="1">
    <subfield code="a">Pacciani,</subfield>
    <subfield code="b">Fulvio</subfield>
    <subfield code="3">IT\ICCU\CNCA\009649</subfield>
  </datafield>
  <datafield tag="712" ind1="0" ind2="2">
    <subfield code="a">s.n.</subfield>
    <subfield code="3">IT\ICCU\CNCT\000002</subfield>
    <subfield code="4">650</subfield>
  </datafield>
  <datafield tag="790" ind1=" " ind2="1">
    <subfield code="a">Pacianus,</subfield>
    <subfield code="b">Fulvius</subfield>
    <subfield code="3">IT\ICCU\CNCA\022176</subfield>
    <subfield code="z">Pacciani, Fulvio</subfield>
  </datafield>
  <datafield tag="801" ind1=" " ind2="3">
    <subfield code="a">IT</subfield>
    <subfield code="b">ICCU</subfield>
    <subfield code="c">20201115</subfield>
  </datafield>
  <datafield tag="899" ind1=" " ind2=" ">
    <subfield code="a">Biblioteca Estense Universitaria. Modena</subfield>
    <subfield code="1">MO0089</subfield>
    <subfield code="2">MOD BE</subfield>
  </datafield>
</record>
</collection>
